3068 5496
169 445 320 524 Θάλη.
726 449 763 521 Θ
784 450 819 520 A
1151 434 1372 546 Oaraierpar.

145 596 175 656 T
173 595 242 656 illim
253 597 302 658 fol.
312 602 340 656 4.
358 598 385 656 1.
431 596 554 657 Gemara
578 596 662 657 Bana
682 597 745 657 Ka·
785 593 915 656 Christus
923 609 990 654 suas
1003 595 1111 667 tuetur,
1124 602 1156 655 et
1169 615 1257 674 quam
1270 593 1388 661 maritm

142 697 187 734 ma
202 678 250 736 sol.
265 683 314 739 81.
328 681 357 736 9.
397 675 601 746 Mamvnl,
614 682 663 736 24.
677 679 743 738 coll.
784 676 868 734 uxori
892 693 960 733 suae
982 674 1118 736 adhibere
1141 687 1270 747 tenetur,
1299 686 1387 733 nans·

140 756 215 816 Luc.
231 758 313 828 VIII,
327 760 376 816 99.
397 756 504 815 Matth.
518 756 605 828 XIII,
621 765 646 815 1.
674 759 743 817 Joh.
783 755 875 814 fertur
896 755 1002 834 Ephes.
1016 757 1054 828 V,
1069 765 1117 818 29.
1137 757 1201 818 ἁλλ’
1221 756 1332 838 hegiae
1344 762 1387 814 ul

143 836 196 907 VI,
215 844 260 899 16.
301 839 349 896 Sic
371 838 533 896 Pausanias
548 837 584 907 V,
599 842 627 900 7.
648 839 743 898 lacurn
782 838 880 896 θάλπει
900 841 975 898 sirii
989 843 1068 905 eatam
1088 845 1133 897 ul
1148 843 1159 897 i
1173 845 1281 917 Χςιπὶς
1297 838 1386 898 ἀπἀ-

140 919 682 1000 ΑερΙιεΙιίᾶειηνοολῑ3ιίλιηιυιιςιίι.
701 918 743 978 Α.
782 920 897 987 κλισίαι,
911 920 1066 978 selim
1109 918 1230 996 Saepius
1243 936 1304 973 non
1319 915 1386 994 legi·

140 999 232 1058 ristot.
274 999 568 1067 stercoratam
582 1005 622 1058 ris
635 999 743 1059 Kaise-
783 1008 831 1054 tur
854 998 883 1054 in
908 997 946 1055 N.
968 997 1002 1055 T.
1054 998 1178 1078 Harpali.
1201 999 1315 1056 Has-u·
1334 1000 1385 1079 irg-

141 1106 182 1138 rsr
204 1083 286 1155 λίμνη,
310 1076 338 1149 ἓν
356 1081 516 1138 αλλῦσλνλὶ
537 1080 586 1138 issi
596 1082 744 1140 θάλατταν.
781 1081 870 1152 purior.

140 1159 168 1216 E
179 1160 322 1218 contrario
336 1162 470 1236 m'prmpro
482 1160 742 1237 Muneponitur,
837 1156 974 1229 armar,
988 1160 1011 1228 i,
1030 1158 1165 1218 Thamar.
1196 1158 1317 1216 Nomen
1327 1177 1386 1216 ma·

142 1250 216 1298 teste
233 1240 397 1319 Hesychia.-
428 1242 510 1316 alpis
525 1241 543 1311 ,i
556 1242 742 1302 diaecesani
782 1237 859 1297 lieris
872 1239 984 1299 iissem
1033 1240 1179 1299 Hebraice
1188 1246 1282 1334 stup),
1303 1237 1386 1316 signi·

141 1321 285 1386 ‘'⁶⁸¹‘'5‘·
334 1322 439 1398 Aeque
459 1321 617 1412 melun
631 1320 743 1412 lebml'
784 1344 872 1405 ficana
881 1345 1016 1425 palmam.
1056 1347 1122 1406 Fuit
1135 1348 1209 1406 haee
1223 1366 1302 1404 uxos
1317 1347 1385 1416 Her,

142 1419 209 1458 cum
224 1407 279 1495 03,
303 1400 431 1479 (11011θ
451 1398 743 1460 warwicum·
782 1426 965 1504 primogeniti
979 1425 1385 1495 auamoenesmxxvnr,
1422 1462 1424 1467 -

141 1528 261 1587 quarum
275 1508 352 1567 Dan.
363 1506 416 1579 XI,
426 1513 475 1568 45.
496 1507 603 1566 Ezech.
615 1507 742 1581 XXXII,
782 1512 812 1567 6.
833 1526 898 1564 cum
913 1527 970 1584 qua
983 1509 1044 1586 ipse
1057 1508 1158 1576 Judaa,
1171 1508 1293 1575 inscius,
1312 1506 1386 1586 quod

142 1591 171 1647 9.
186 1589 302 1648 dicitur.
782 1607 872 1645 nurus
884 1608 936 1646 sua
949 1600 1033 1657 esset,
1046 1599 1111 1666 post
1121 1599 1245 1647 mortem
1255 1587 1307 1645 filii
1322 1607 1385 1646 eon·

162 1675 191 1729 4.
205 1669 416 1748 metaphorice:
437 1689 526 1739 omme,
540 1669 616 1748 quod
626 1671 742 1748 speeiem
783 1687 896 1745 gressus
910 1680 954 1726 est
968 1680 1048 1727 etex
1064 1687 1099 1726 ea
1122 1669 1263 1746 gemellos
1276 1667 1386 1745 genuit,

140 1750 649 1891 merite
663 1750 742 1889 11
961 1749 1173 1887 striis
1322 1748 1346 1817 ¹2
1361 1752 1387 1807 ³·

163 1872 170 1888 .
299 1858 418 1895 eoem
645 1869 830 1898 ....
948 1851 1309 1888 ar......

136 1911 253 1969 'labrum
275 1912 387 1987 ingens,
413 1929 489 1988 aqua
512 1909 637 1987 plenum,
665 1911 744 1987 quod
837 1905 999 1981 enutrio,
1020 1915 1049 1978 oi,
1070 1908 1123 1966 fut.
1136 1848 1246 1976 Iru,pl.
1261 1909 1387 1989 obstipe·

141 1993 268 2068 speciem
289 1991 375 2049 maris
398 1989 548 2057 referebat,
577 1990 662 2067 quale
689 1989 744 2049 fuit
769 1989 866 2066 stacio,
887 1997 999 2068 stupore
1007 1987 1139 2069 peractio.
1159 1987 1329 2065 eepssispm,
1348 1998 1388 2048 οῦ·

141 2092 220 2130 mare
232 2091 347 2129 aeneum
361 2072 390 2127 in
400 2069 584 2128 tabernaculo
595 2080 625 2127 et
636 2071 743 2148 templo
780 2095 840 2144 pm,
850 2089 1008 2147 expavesco,
1019 2069 1187 2148 obstupesco,
1198 2071 1388 2129 admiratione

141 2152 328 2223 Iudaeorum,
349 2161 400 2208 aut
422 2149 581 2208 secundum
603 2149 673 2208 ulios
693 2169 743 2226 pa·
782 2149 880 2229 rapior
903 2159 930 2208 et
947 2148 1094 2228 pereeldrr,
1117 2149 1256 2208 attonitas
1277 2168 1387 2223 sam,a

140 2232 308 2301 vimentum,
345 2230 463 2298 tesselis,
498 2228 535 2286 ad
562 2229 650 2289 instar
677 2230 742 2289 vitri
782 2227 891 2305 Scipi«,
913 2230 989 2307 quod
1004 2231 1078 2288 ride.
1119 2230 1213 2289 Marc.
1229 2229 1254 2299 Ι,
1269 2233 1319 2294 97.
1342 2236 1387 2289 ω’

141 2312 297 2390 crystallini
311 2311 471 2389 pellucidis,
484 2321 614 2378 stratum,
633 2310 670 2369 de
685 2330 742 2389 quo
783 2308 946 2385 ltapssttmm
960 2315 1048 2376 minu
1063 2320 1094 2369 et
1107 2330 1207 2369 omnes
1220 2310 1386 2389 stupefacti

36 2406 38 2411 '
141 2393 207 2452 ride
221 2392 349 2471 pluribus
366 2393 398 2450 C.
412 2393 451 2450 Β.
467 2388 618 2448 Michaelis
634 2391 672 2448 D.
686 2410 744 2469 qua
783 2389 821 2448 lb.
836 2390 872 2458 X,
895 2394 944 2450 91.
958 2395 1008 2449 39.
1033 2391 1117 2450 Canf.
1135 2392 1163 2449 T
1160 2391 1243 2450 leod.
1257 2392 1303 2450 Ps.
1319 2392 1386 2466 LII,

31 3200 40 3225 ⁴
142 3195 216 3258 cleia.

141 2473 282 2532 naturalia
295 2471 436 2551 quaedam
446 2482 478 2530 et
490 2469 643 2529 artificiosa
657 2473 743 2531 Codi·
784 2474 811 2529 6.
835 2469 1014 2548 Sap.XVll,
1029 2477 1056 2531 3.
1258 2530 1264 2539 ,

142 2555 184 2614 cis
199 2555 229 2613 S.
249 2572 288 2612 ex
303 2554 450 2612 Alcmana
463 2551 648 2609 illustrantur.
656 2554 680 2687 p
697 2558 743 2612 14.
804 2554 832 2609 9.
841 2549 954 2628 inpiis,
966 2551 1142 2610 intransitive
1153 2553 1385 2630 usurpatumol·

143 2635 238 2694 Exod.
260 2633 356 2704 XXX,
381 2639 427 2692 18.
470 2637 484 2691 l
504 2632 596 2709 Regg.
611 2631 653 2688 VI
671 2674 678 2701 ,
694 2636 743 2693 93.
781 2633 907 2711 etapefia,
920 2643 965 2690 stu
985 2642 1069 2692 creet
1082 2634 1271 2692 admiratione
1279 2634 1386 2714 percel-

142 2715 270 2775 sspaml.
295 2714 347 2783 IV,
371 2717 399 2773 2.
440 2711 531 2772 Gloss.
552 2712 623 2770 MS.
637 2712 665 2769 ln
680 2713 743 2773 libr.
782 2709 837 2770 lor.
878 2713 946 2770 Aci·
962 2654 1014 2784 XX,
1028 2718 1056 2773 (i.
1079 2715 1170 2795 epipam
1184 2712 1208 2772 di
1222 2720 1269 2774 sai
1281 2714 1385 2790 ilspsssiis

55 2848 58 2855 .
142 2793 744 2874 31633.θάλλη.χ.λ.ῑ·.“..π1ς,ι.’.1ι
784 2790 844 2851 rixi.
886 2793 1003 2852 Homer.
1029 2794 1082 2852 Od.
1104 2793 1139 2863 α’,
1163 2799 1231 2853 393.
1259 2795 1385 2872 θιίμῗιηι

141 2874 244 2937 ierem
265 2880 311 2942 τὶς
331 2878 454 2956 χιῖςαςοὶ
466 2877 531 2955 isgrir
544 2875 651 2939 sirrimr
671 2881 702 2940 sie
715 2878 744 2934 sl
783 2875 955 2948 κιτὶθυμδν.
996 2873 1081 2932 Iliad.
1096 2875 1125 2944 l,
1140 2878 1189 2937 77.
1213 2878 1235 2933 si
1255 2873 1281 2934 di
1300 2874 1385 2941 tilae

143 2957 210 3039 isgir.
296 2989 300 2999 ⁴
782 2951 975 3029 diptiacum—
988 2953 1109 3030 Hesycit.
1128 2952 1229 3031 iaspis·
1249 2959 1384 3029 ἔξει-λέγι,

197 3037 335 3107 en‘nnrr,
355 3034 475 3109 fut-dtu,
499 3041 525 3092 l.
538 3034 680 3113 calefacio,
690 3035 744 3112 fh·
784 3032 1383 3111 iiaeps‘irlm—iiripessrasriissapuiaimiisrmi·

142 3138 202 3188 oco,
227 3118 435 3256 pudeatne..
449 3114 649 3184 calomaestur.
674 3117 743 3173 Aee·
783 3114 983 3189 ›pm-Sapis?
1003 3120 1144 3180 ἐκπλήττει.

262 3199 308 3256 iel.
321 3197 377 3267 Ill,
392 3201 420 3260 7.
437 3202 482 3256 ll.
497 3195 561 3275 90.)
578 3207 609 3254 et
619 3207 663 3254 est
676 3215 743 3274 pro·
837 3196 999 3266 on'msoz,
1014 3225 1051 3267 m,
1072 3201 1094 3266 l,
1119 3197 1161 3254 uti
1182 3197 1303 3256 verbum
1315 3202 1384 3275 iap-

143 3281 205 3358 prie
227 3279 400 3348 animalium,
422 3277 506 3355 pullis
529 3276 575 3335 vel
589 3278 649 3335 ovis
662 3277 743 3335 incu-
782 3273 838 3345 Cirr,
860 3279 1018 3352 generatim
1033 3277 1148 3354 quidem
1165 3277 1202 3335 de
1216 3280 1294 3337 omini
1307 3279 1383 3338 ceie-

141 3361 272 3419 bantium
286 3378 379 3437 eoque
393 3359 517 3417 calorem
532 3357 565 3415 iia
579 3358 743 3436 imperties·
783 3357 917 3415 mentiare
942 3358 1030 3415 amirei
1055 3359 1234 3416 commotione
1268 3359 1382 3429 dicitur,

144 3441 226 3512 tium,
240 3461 268 3498 v.
281 3459 307 3498 c.
321 3442 411 3497 Deut.
426 3437 524 3508 XXII,
538 3443 566 3497 6.
580 3445 625 3497 sal
639 3441 652 3502 i
665 3442 742 3521 pise(
782 3457 837 3515 qua
851 3437 912 3515 qais
927 3440 1008 3516 quasi
1027 3449 1107 3496 cetra
1127 3460 1156 3495 se
1170 3441 1294 3517 rapitur,
1316 3461 1341 3497 v.
1355 3458 1380 3498 c.

142 3522 234 3587 dian
246 3523 341 3580 irrisis
356 3523 442 3578 rorarii
455 3517 468 3581 ll
483 3521 523 3577 ixl
536 3522 582 3577 mir
596 3522 654 3590 alis.
682 3519 742 3577 De·
783 3528 903 3587 terrore,
927 3530 1016 3587 metu,
1040 3519 1188 3597 speciatim
1208 3539 1277 3578 sero
1292 3520 1329 3580 de
1339 3519 1383 3578 'ot-

67 3621 69 3625 ·
143 3589 248 3658 inde'l
268 3601 360 3677 llegg.
379 3600 481 3668 ieet
494 3605 522 3656 4.
543 3598 592 3655 ubi
607 3608 673 3656 cum
686 3602 743 3693 is<-
781 3599 882 3666 tortile,
907 3618 958 3656 seu
981 3620 1086 3657 summa
1107 3601 1307 3672 adnrirationc,
1330 3622 1383 3679 qua

143 3684 233 3757 perlui
254 3689 443 3758 permutatur,
466 3678 504 3735 de
524 3678 628 3755 puella,
657 3679 744 3736 Derr-
783 3679 892 3736 amintas
934 3678 1085 3749 ercellitur,
1106 3693 1270 3757 usurpatur.
1312 3682 1382 3740 Luc.

144 3760 221 3831 dem,
234 3779 303 3838 prae
317 3761 397 3818 senio
411 3759 624 3836 frigescentem,
639 3759 744 3817 calefa-
783 3758 834 3825 IV,
852 3763 898 3817 36.
949 3765 1000 3829 ,9.
1044 3765 1111 3818 Act.
1126 3759 1181 3828 Ill,
1197 3765 1243 3819 10.
1265 3763 1382 3820 Homer.

144 3844 249 3910 ciente,
263 3840 423 3899 adhibetur.
465 3839 544 3897 Hinc
783 3837 821 3896 Il.
842 3836 873 3908 i,
889 3844 935 3900 79.
947 3851 976 3898 et
990 3838 1033 3911 ψ’.
1048 3845 1116 3900 815.
1139 3841 1263 3919 Harpali.
1275 3841 1382 3916 bripio.-

164 3929 191 3982 2.
215 3921 421 3999 metaphorice,
446 3929 478 3977 ut
500 3918 619 3977 latinum
653 3939 744 3990 avere,
780 3922 884 3994 Salpe,
897 3918 1024 3992 ἔκπληξις.
1065 3920 1147 3978 Idem
1169 3921 1256 3979 tradit
1270 3923 1382 3982 Piraeo·

143 4004 173 4062 in
189 4003 349 4062 universnm
364 4011 461 4060 notat:
481 4020 577 4059 curam
597 4020 627 4060 ea
650 4001 744 4059 icitam
782 4000 871 4057 rinus.

143 4084 263 4178 alicujus
271 4102 391 4221 (perere,
422 4080 542 4161 aliquem
565 4081 642 4139 ommi
664 4081 743 4139 modo
837 4081 1152 4151 anNrt‘a1M02‚oe,l,
1166 4085 1282 4153 mmet,
1296 4085 1381 4143 etiam

48 4181 51 4187 ’
143 4174 259 4227 tumet
294 4163 429 4243 findere.
471 4161 520 4220 Sic
533 4182 559 4219 v.
575 4175 600 4220 c.
614 4162 651 4220 de
665 4161 742 4219 omni
784 4161 1016 4231 OANXEIMoa,
1030 4165 1083 4235 Ιμλ,
1098 4190 1131 4232 m,
1151 4161 1272 4232 lethalis,
1286 4166 1382 4224 morti·

143 4245 298 4315 nutriendi,
319 4243 433 4302 fovendi
456 4254 487 4301 et
509 4242 653 4302 educandi
673 4260 743 4300 cura
767 4243 835 4320 fer,
865 4238 1008 4299 interdum
1034 4240 1121 4312 idem,
1145 4243 1224 4321 quod
1245 4242 1381 4310 ecelesiis:

143 4329 291 4406 eleganter
302 4337 463 4402 usurpatur,
474 4342 559 4402 quam
573 4335 679 4381 matres
692 4332 743 4380 aut
776 4320 960 4401 periculosas,
966 4323 1148 4400 perniciosas,
1161 4334 1192 4381 ut
1201 4323 1301 4383 docuit
1311 4327 1382 4385 Fo'e‘·

144 4408 271 4466 nutrices
285 4404 439 4463 infantibus
447 4404 593 4463 adhibent.
616 4404 742 4462 lTlress.
781 4402 839 4460 eius
853 4402 883 4458 in
898 4403 1009 4460 Oecon.
1024 4404 1164 4480 Hippocr.
1177 4424 1206 4481 p.
1224 4411 1291 4466 163.
1302 4425 1321 4464 a
1333 4409 1383 4465 SI.

144 4488 184 4556 ΙΙ,
199 4491 227 4548 7·
248 4485 672 4566 sirilrrgspledrimrpmllmir
687 4484 743 4544 ris-
784 4510 854 4549 rarae
867 4503 952 4542 mors.
994 4483 1089 4542 Semel
1111 4483 1218 4561 legitur
1242 4486 1272 4542 in
1295 4487 1334 4545 N.
1348 4487 1382 4545 T.

144 4595 182 4628 m.
224 4565 274 4624 Ad
287 4584 401 4623 omnem
416 4584 513 4625 auram
524 4563 651 4642 corporis
663 4585 742 4634 vero,
783 4563 969 4640 Marc-XVI,
985 4569 1029 4622 18.
1049 4562 1095 4643 uqi·
1107 4568 1246 4640 dssirrps'r
1259 4593 1285 4626 τι
1298 4571 1385 4627 niuem

141 4668 195 4709 seu
216 4645 311 4727 potius
332 4645 370 4712 ad
392 4645 540 4727 providam
560 4664 670 4719 curam,
686 4663 744 4726 qua
783 4644 838 4704 etsi
860 4643 965 4705 lethale
988 4645 1057 4723 quid
1078 4645 1222 4706 biberint:
1255 4647 1302 4706 ubi
1325 4668 1384 4707 non

1312 4749 1385 4808 opus
