3068 5496
215 522 458 628 'Eyturotniat
781 531 855 607 ΕΓ
1260 527 1419 628 Fspsosi.

200 682 347 760 congessit
360 680 487 740 Irmisclr.
500 677 574 738 Exc.
587 677 624 737 ad
640 676 801 737 Herodian.
838 675 909 737 tavit
923 676 985 737 cer.
999 672 1147 738 ructum
1161 676 1237 739 Ptol.
1251 679 1288 740 V.
1301 682 1339 741 de
1354 683 1440 743 Vitiis

202 762 271 834 1‚4.
288 767 333 821 18.
376 761 438 820 Vol.
454 761 477 819 I.
492 761 568 838 Opp.
582 779 611 836 p.
625 764 692 818 859.
840 759 913 818 Lex.
942 757 979 817 N.
994 759 1028 817 T.
1056 780 1084 837 p.
1112 764 1147 817 18
1174 780 1235 838 seq.
1257 763 1305 840 qui
1325 784 1343 823 e
1367 764 1441 827 locis

255 838 507 909 ’ermonem
535 845 563 907 ὅ,
591 838 644 897 fut.
664 843 725 909 lun,
750 838 801 897 luu-
840 839 1017 918 Scriptorum
1031 851 1063 898 et
1083 840 1344 902 Grammaticorum
1357 857 1439 905 vete·

201 922 268 992 bito,
296 923 430 991 inhabito,
458 919 548 978 incola
572 940 642 990 rum,
667 939 705 978 ex
729 923 749 978 ir
770 931 801 977 et
839 939 901 977 rurn
925 919 1033 988 docuit,
1054 922 1225 980 vocabulum
1238 922 1437 1003 ιέμζιμιιοη

201 1004 433 1064 accubitalia.
455 1001 549 1058 Semel
563 1000 668 1077 legitur
679 999 707 1057 in
720 1000 758 1058 N.
767 1001 801 1058 Τ.
839 999 933 1059 minus
946 1019 1032 1078 quam
1054 1000 1207 1079 ipsiipsi-pa
1230 1016 1261 1061 et
1283 1006 1438 1083 hulpiae»,

202 1090 220 1142 2
237 1084 299 1142 Pet.
313 1084 353 1152 II,
369 1088 395 1140 8.
411 1084 560 1154 ἰγατοικῦν
574 1085 697 1146 ἰιιῦτοῖς.
841 1081 955 1161 (Nicei.
976 1081 1035 1150 III,
1054 1088 1082 1141 8.
1095 1103 1124 1161 p.
1147 1082 1231 1162 288.)
1247 1084 1359 1144 dictum
1371 1107 1437 1147 ene

255 1159 497 1229 ’eraenrrlzm
524 1161 576 1225 fut
603 1165 659 1230 ι’...
690 1169 717 1218 1.
735 1180 801 1237 pru·
839 1180 896 1220 non
910 1161 996 1221 modo
1018 1162 1054 1220 dc
1068 1163 1147 1222 nodis
1171 1176 1202 1222 et
1220 1164 1337 1225 maculis
1351 1170 1440 1229 nudu-

200 1244 282 1323 prie:
313 1264 420 1322 pugno,
447 1242 568 1311 alioruin,
596 1253 626 1300 et
653 1241 689 1299 de
723 1241 801 1319 equis
838 1242 887 1310 ria,
901 1241 952 1299 sed
966 1243 1051 1299 otiam
1065 1242 1102 1301 de
1127 1244 1256 1316 uestibus,
1269 1268 1341 1327 quos
1355 1251 1438 1308 nodia

201 1336 365 1401 usurpatur,
387 1344 443 1402 per
465 1321 587 1380 colcaria
614 1319 801 1392 stimulandu,
838 1331 864 1380 ct
879 1320 996 1380 vinculis
1008 1323 1149 1404 adstringi
1161 1324 1332 1397 intercutes
1345 1330 1438 1388 maxi·

201 1405 280 1462 unde
294 1405 354 1482 ipse
374 1403 505 1462 stimulus
518 1423 540 1461 s.
557 1404 651 1462 calcar
671 1404 801 1484 iyxingm
839 1421 885 1460 me
907 1403 945 1460 de
965 1422 1072 1479 genere
1096 1406 1222 1482 quodam
1242 1408 1336 1467 brevio
1350 1410 1438 1487 pallii,

201 1484 316 1552 dicitur,
340 1495 414 1543 teste
436 1484 578 1563 Hesychia
602 1485 758 1563 (ipunp'ou
779 1487 801 1542 oi
839 1482 916 1561 quod
931 1483 1046 1561 reliquis
1064 1487 1188 1544 vestibus
1202 1490 1441 1566 superinjecerint

201 1567 275 1625 ἵησι
299 1563 477 1646 srnp'dmuu)
504 1577 534 1623 et
555 1562 658 1646 singu,
682 1562 799 1641 dequo
839 1575 869 1622 et
878 1564 1132 1622 nodisconnexum
1142 1586 1180 1624 ex
1191 1568 1317 1627 humeris
1329 1571 1438 1649 depen-

201 1645 276 1704 infra
289 1645 522 1704 dicendum-erit.
839 1644 922 1702 derit.
957 1645 1035 1702 Hinc
1050 1645 1217 1723 ὂγιομίιέμι.
1227 1668 1439 1727 aequeacup·

219 1734 248 1786 2.
276 1736 409 1787 retectum
436 1724 587 1794 surculum,
614 1744 666 1817 seu
698 1724 800 1783 taleam
838 1722 927 1800 (lupus
940 1736 984 1783 est
997 1726 1118 1804 partim:
1140 1730 1211 1788 nodo
1224 1729 1438 1809 aliquidetoin·

193 1807 802 1965 dit.‘1,t“t.“tlt‘3.lt75”..
838 1803 1438 1973 ‘'dtttt‘tl.tltltttlt;ttf‘;.t

199 1967 288 2026 incidi
315 1979 439 2045 oportet,
468 1979 500 2025 ut
526 1967 603 2025 tales
631 1986 683 2045 per
716 1968 800 2025 istam
856 1965 904 2026 'lo
926 1987 968 2025 me
981 1988 1059 2037 orno,
1083 1979 1114 2026 et
1140 1972 1316 2046 generatim:
1335 1983 1436 2032 uestem

200 2049 301 2107 rimam
328 2048 413 2107 inseri
438 2059 535 2126 queat.
575 2046 731 2106 Plavorin.
759 2049 801 2119 ἰγ-
838 2046 989 2127 elegantem
998 2049 1093 2116 induo,
1104 2068 1156 2107 sen
1166 2070 1249 2128 super
1258 2051 1331 2110 aliar
1340 2053 1439 2126 indico,

199 2129 326 2211 κιηςίζιιν
346 2131 398 2190 ἰπὶ
417 2136 445 2188 si
468 2131 582 2200 ὖγιιηιῖν
601 2135 647 2186 ui
667 2127 801 2204 ἰμῖἆλλω
838 2147 905 2186 nam
915 2126 1033 2206 palliola
1048 2128 1096 2186 iIIa
1106 2143 1292 2188 numerantur
1306 2133 1334 2190 In
1349 2136 1439 2211 parti.

200 2218 271 2287 φυτῷ
284 2237 329 2269 vaur
342 2207 568 2289 animovitiosa
582 2217 673 2277 φυτοῦ.
715 2208 799 2266 Conf.
839 2208 892 2266 bus
919 2219 1035 2266 umatus
1059 2208 1204 2267 muliebris
1227 2229 1246 2269 a
1267 2212 1360 2271 Iesaia
1379 2214 1437 2285 III,

201 2291 325 2370 Geopon.
347 2290 384 2359 X,
406 2291 454 2352 76.
483 2289 529 2346 Μ.
552 2288 688 2347 Antonin.
709 2286 746 2345 de
768 2307 800 2346 se
839 2290 888 2346 22.
901 2287 970 2345 licet
983 2289 1069 2346 etiam
1084 2289 1229 2348 interdum
1239 2296 1437 2370 usurpeturde

199 2369 261 2448 ipso
276 2370 329 2441 XI,
344 2374 371 2433 7.
400 2369 582 2449 Theoplrosl.
606 2368 683 2427 Ilist.
706 2368 799 2426 Plant.
837 2368 937 2426 uestitu
951 2389 1101 2426 seruorum.
1133 2371 1198 2429 Vid.
1212 2372 1318 2431 Pollux
1332 2375 1438 2435 Onam.

199 2450 242 2522 II,
258 2457 285 2511 3.
327 2451 406 2509 Hinc
419 2449 615 2527 metaphorice
838 2447 890 2517 IV,
918 2455 962 2507 18.
1004 2448 1127 2529 Heapolt.
1145 2449 1333 2529 uspicientes·
1352 2461 1440 2517 ποκ’.

220 2538 250 2590 3.
270 2533 373 2611 recipio
387 2530 506 2610 aliquem
520 2531 549 2588 in
569 2529 725 2588 sociantem
746 2527 800 2587 ali·
839 2539 940 2588 culm.
973 2529 1106 2606 alpium·
1141 2538 1279 2610 altrepa.
1327 2536 1438 2596 Aloerti

199 2634 294 2694 quam,
316 2612 500 2671 similitudine
522 2611 563 2668 ab·
579 2610 726 2669 arboribus
750 2609 799 2669 de·
839 2609 933 2668 Gloss.
957 2610 993 2669 N.
1015 2611 1050 2668 T.
1073 2616 1148 2690 App.
1169 2633 1199 2690 p.
1221 2618 1290 2677 217.
1310 2617 1438 2695 ipupssal-

198 2705 301 2753 sumta.
345 2695 382 2753 Et
405 2693 446 2751 sic
466 2691 571 2770 legitur
590 2690 738 2769 speciatim
762 2691 799 2751 de
839 2701 921 2750 eaeor
942 2693 1097 2756 immacu-lu.
1118 2694 1309 2775 rudimundi
1323 2702 1436 2758 ἀναπεί-

199 2775 366 2853 receptione
380 2773 529 2852 gentilium
543 2772 573 2830 in
588 2782 703 2830 coetum
716 2791 801 2829 vero·
839 2782 924 2830 nat-lu
964 2772 1039 2840 ram,
1068 2775 1307 2850 quemadmodum
1342 2780 1443 2839 omnia

199 2875 263 2914 rum
293 2857 349 2913 Dei
381 2855 524 2912 cultorum
560 2853 643 2910 Rom.
672 2851 723 2919 XI,
755 2857 803 2913 17.
838 2853 926 2909 verba
939 2853 1074 2911 induendi
1097 2854 1125 2912 in
1139 2855 1244 2931 linguis
1263 2858 1363 2934 priscis
1376 2880 1441 2918 om·

203 2941 249 2996 19.
265 2939 313 2994 23.
327 2940 376 2994 24.
418 2935 537 3010 Saepius
561 2951 619 2990 non
642 2932 747 3009 legitur
770 2932 799 2988 in
839 2933 922 2989 nibus
935 2933 1083 3010 eleganter
1096 2936 1133 2992 ad
1146 2956 1196 2994 eos
1216 2938 1438 3012 transferuntur,

202 3014 241 3072 N.
256 3016 290 3073 T.
840 3013 888 3089 qui
903 3025 969 3071 suut
982 3015 1084 3084 ornati,
1109 3017 1231 3093 praediti
1252 3029 1283 3075 et
1303 3019 1437 3080 instructi

248 3096 447 3164 ἪΚΛΗΜΑ,
461 3121 531 3164 arx,
546 3101 584 3163 ul,
594 3093 708 3161 crinoen,
721 3097 799 3172 cujus
838 3092 934 3169 aliqua
958 3113 988 3152 ra
1002 3107 1033 3152 et
1046 3096 1160 3165 virtute,
1184 3098 1225 3155 ita
1237 3099 1324 3157 etiam
1345 3104 1438 3178 W·

200 3173 305 3254 aliquio
325 3185 485 3245 acciuntur,
508 3174 676 3241 criminatio,
689 3194 801 3232 occura-
838 3171 940 3233 iricius
954 3175 1148 3253 metaphorice
1172 3189 1269 3237 notat:
1289 3201 1320 3239 se
1333 3203 1438 3240 ornare

200 3256 251 3328 tio,
265 3258 301 3316 ab
316 3259 427 3330 ipsanio
440 3277 547 3315 centro.
588 3255 636 3313 Bis
654 3254 758 3331 legitur
772 3255 801 3311 in
839 3263 865 3312 et
880 3254 1018 3314 instruere
1037 3256 1132 3334 aliqua
1156 3259 1437 3329 cinnamomum

201 3336 241 3396 N.
258 3339 292 3396 Τ.
309 3342 376 3399 Act.
391 3338 509 3408 XXIII,
520 3341 568 3398 29.
587 3333 658 3411 μηδὲν
672 3339 737 3408 ἄξιοι
750 3339 800 3395 θα·
839 3354 897 3392 erse
909 3334 1027 3394 aliorsus
1040 3337 1163 3407 virtutis,
1177 3359 1234 3416 quo
1248 3340 1278 3397 iu
1292 3361 1378 3401 sensu
1392 3364 1438 3403 se-

203 3421 276 3478 νότον
293 3419 305 3481 ii
320 3418 544 3493 iwpirriyerpsa
566 3417 657 3493 ipim
677 3435 743 3473 cum
758 3427 800 3472 ta·
839 3414 895 3472 meI
917 3416 947 3472 in
972 3359 1008 3474 XI.
1024 3417 1058 3476 Τ.
1082 3418 1187 3497 legitur
1212 3421 1321 3480 lI'elr.
1345 3423 1381 3493 V,
1407 3431 1436 3484 5.

200 3517 268 3556 men
296 3500 365 3556 nihil
393 3498 568 3556 commiserit
600 3495 720 3553 vinculis
752 3510 802 3554 aut
838 3499 1440 3578 muramroogocimuipsupsslmtpmodegti.

200 3590 295 3637 morte
309 3579 437 3658 dignum.
458 3577 525 3636 ibid.
550 3571 643 3645 XXV,
662 3580 706 3635 16.
727 3578 801 3635 ulum
839 3595 884 3633 am
900 3577 1019 3647 induite,
1033 3578 1061 3635 n.
1075 3598 1103 3637 e.
1115 3600 1230 3657 operam
1242 3581 1318 3651 date,
1330 3595 1362 3642 ut
1377 3606 1439 3644 nro·

200 3663 343 3733 ἇπολογίας
357 3658 433 3719 ulcu
453 3665 508 3740 orgi
523 3667 567 3718 τοῦ
590 3660 746 3732 &munros
760 3657 800 3714 lo·
839 3655 930 3714 destia
943 3658 1064 3735 praediti
1079 3671 1109 3717 et
1132 3662 1225 3718 ornati
1238 3664 1439 3743 conspiciamI·

200 3732 268 3798 cum
291 3741 335 3799 sui
357 3738 530 3800 defendendi
552 3750 652 3796 contra
670 3737 802 3795 crimIna·
839 3737 878 3793 ni.
906 3736 980 3796 Vide
993 3739 1025 3797 J.
1041 3739 1197 3800 Sibrondue
1210 3741 1330 3826 >adspectu
1343 3747 1381 3804 ad
1394 3747 1438 3804 Io-

200 3821 310 3880 tionem
337 3819 501 3880 obtinuerit.
547 3818 672 3897 Tlrucpd.
699 3817 722 3886 1,
752 3821 800 3879 26.
839 3836 906 3875 cum
924 3823 936 3876 l
955 3818 1017 3877 Pet.
1033 3820 1068 3889 V,
1083 3828 1111 3880 5.
1133 3823 1162 3879 in
1181 3821 1257 3882 Bill.
1271 3826 1369 3883 Brem.
1391 3828 1437 3886 CI.

201 3902 326 3982 Hesych.
339 3901 466 3976 ἴγιιλημι·
487 3906 618 3975 πταῖσμα,
631 3897 739 3974 purius.
839 3894 907 3967 VII,
918 3919 946 3976 p.
960 3905 1027 3960 953.
1042 3911 1072 3959 et
1091 3902 1234 3962 Welsient't'
1242 3906 1283 3962 N.
1300 3906 1335 3964 T.
1350 3908 1385 3965 T.
1396 3908 1441 3966 II.

253 3980 540 4052 ’simoniacorum
554 3988 639 4054 inpar,
662 3977 715 4036 fut
737 3980 798 4038 ι’...
838 3998 866 4055 p.
880 3984 949 4038 696.
971 3981 1181 4041 simultatione
1195 3989 1305 4063 vocetp
1356 3994 1436 4048 rote·

197 4093 257 4144 μ..
292 4063 492 4143 compositum
505 4072 549 4119 est
563 4080 600 4118 ex
616 4063 635 4120 i·
649 4070 679 4118 et
693 4059 798 4135 mptlr·
838 4067 877 4118 θαι
892 4077 958 4116 usus
972 4072 1016 4119 est
1036 4074 1146 4122 auctor.
1175 4015 1386 4138 anamiim
1407 4075 1437 4129 5.

196 4175 245 4225 μι
263 4146 357 4228 (quod
371 4156 420 4204 est
434 4164 453 4203 a
465 4141 565 4218 ulpius,
586 4140 663 4219 quod
683 4141 798 4218 proprie
835 4140 985 4222 eipgtort‘gnr
997 4145 1209 4226 ipursaeqrrnptim
1219 4149 1345 4222 ipimus.
1359 4151 1438 4208 Con·

115 4227 118 4230 ’
195 4230 299 4287 nodum
313 4226 465 4304 significat,
480 4242 537 4300 qrto
551 4223 625 4282 duae
646 4241 691 4281 res
705 4222 798 4280 diver·
835 4218 880 4278 ser
893 4221 998 4279 Druoii
1011 4223 1098 4284 Pron.
1114 4226 1157 4284 CI.
1169 4225 1222 4298 IV,
1236 4227 1255 4285 l.
1268 4234 1298 4287 4.
1311 4248 1341 4286 n.
1359 4233 1407 4292 17.

196 4328 245 4368 sue
266 4308 361 4367 solent
384 4303 540 4381 constringi
568 4321 604 4362 ac
629 4300 796 4372 conuoduri,
889 4294 1053 4373 ’ErKoIllI‚
1074 4312 1108 4374 it,
1124 4309 1147 4376 i,
1165 4311 1189 4364 I.
1211 4308 1343 4386 proprie:
1363 4309 1435 4368 inci·

195 4400 271 4449 teste
297 4390 395 4458 Suida,
420 4384 586 4445 Pitavorino
600 4396 630 4442 et
645 4381 796 4440 Eustatlrio
834 4380 885 4451 rio,
913 4381 1047 4456 incisura,
1074 4385 1110 4443 ab
1135 4388 1249 4458 ίγιόπτυ
1275 4389 1378 4461 incido,
1406 4403 1437 4449 et

195 4469 234 4528 ad
261 4472 377 4528 Homer.
401 4467 438 4526 Il.
459 4467 493 4536 ι’,
508 4485 536 4544 ρ.
553 4463 636 4543 133.)
680 4461 727 4520 De
742 4462 796 4523 hac
835 4461 983 4541 specIotim
1006 4465 1042 4523 de
1063 4465 1242 4526 incisionibus
1264 4470 1327 4528 uim
1347 4483 1378 4530 et
1391 4473 1437 4530 in·

195 4570 268 4610 voce
295 4560 359 4627 post
391 4548 524 4608 Tlomom
561 4543 732 4606 Gotaleram
767 4544 795 4599 in
834 4542 1026 4602 terciuionibus
1050 4546 1161 4605 itineris
1182 4549 1227 4607 vel
1241 4570 1337 4609 currus
1352 4572 1437 4611 usur·

195 4632 332 4694 Adverso.
348 4629 470 4689 Miscell.
485 4629 509 4698 I,
524 4632 552 4686 8.
567 4629 635 4688 227.
649 4636 680 4683 et
692 4623 795 4684 Dreri·
834 4634 928 4700 patur,
943 4635 975 4682 ut
988 4626 1032 4684 vel
1055 4643 1093 4684 ex
1112 4628 1177 4687 loco
1198 4643 1328 4709 apparet,
1350 4652 1437 4711 quem

189 4706 270 4794 girini
285 4712 322 4769 de
337 4709 439 4768 Verbis
451 4704 556 4769 Mediis
571 4708 608 4766 N·
618 4706 653 4765 T·
668 4704 692 4776 I,
723 4708 794 4763 .42.
836 4704 939 4761 Suidm
963 4723 985 4763 Β.
999 4705 1028 4765 h.
1042 4726 1068 4766 V.
1093 4710 1204 4769 attulit:
1226 4721 1302 4795 χυςὶς
1326 4715 1436 4787 mauris

193 4795 320 4875 inprimit!
342 4790 495 4877 diligenter
517 4799 549 4854 et
568 4786 683 4868 009I080
697 4724 795 4866 XIWU·
833 4789 880 4848 “i
892 4791 1067 4873 *diffumiget
1076 4788 1273 4862 oixir'taetssi'ras
1283 4801 1325 4860 τῖς
1334 4794 1438 4877 ἅψις.

1304 4881 1334 4935 2.
1355 4894 1436 4940 omne

599 5086 608 5119 l
