3068 5496
102 603 296 711 'Eynis'rm
671 607 701 685 E
720 609 751 684 Γ
1124 611 1301 723 ‘Eynpr'rm¹

104 769 132 824 2.
146 784 225 823 omne
251 758 486 842 impedimentum,
509 764 589 817 omne
608 758 685 836 quod
720 767 817 817 exstat
829 757 858 816 in
870 757 948 818 Artis
970 760 1236 825 antennam.
1258 767 1322 826 Vol.

76 844 313 926 propagationem
326 840 444 920 ancujus
458 839 501 898 rei
513 839 643 898 retardat
656 847 684 897 et
722 839 762 908 ΙΙ,
777 860 845 916 pag.
855 844 903 900 24.

80 928 120 986 im
175 927 208 984 ir.
252 924 301 984 Sic
314 920 516 1001 legiturinN.
531 921 566 979 T.
585 925 597 979 l
616 921 682 979 Cor.
774 919 1071 995 ’senensi-:domin
1090 923 1322 1004 sumammuh

81 1007 98 1064 Ι
128 1052 137 1078 ,
165 1011 211 1066 12.
232 1004 271 1065 i'rae
293 1009 328 1081 psi
350 1005 455 1076 ’afueris
479 1028 535 1061 τινα
555 999 631 1076 irino
648 1009 684 1078 τᾷ
721 999 818 1093 aliqua
842 1023 874 1060 re
887 1003 957 1062 milti
977 1015 1109 1085 tempero,
1123 1007 1257 1076 tristinen,
1271 1010 1321 1068 do·

80 1091 220 1164 riae-prm?
233 1094 278 1147 ut
291 1093 399 1168 temon
412 1103 449 1142 ne
470 1101 584 1140 cursum
598 1100 683 1139 evau-
717 1102 812 1140 mmor
825 1084 855 1141 in
870 1105 961 1144 omnes
984 1108 1040 1144 non
1062 1097 1151 1146 rector
1170 1089 1259 1147 animi
1271 1091 1324 1148 im-

80 1169 150 1246 gelii
164 1167 363 1245 impediamus,
374 1167 403 1222 h.
417 1184 443 1223 e.
451 1182 487 1221 ne
498 1161 683 1240 impedimen·
715 1173 808 1242 petus.
851 1165 899 1223 Sic
921 1185 948 1224 v.
962 1185 988 1224 c.
1011 1166 1049 1225 de
1071 1168 1148 1227 dono
1170 1170 1321 1229 continen-

80 1261 144 1308 tum
163 1248 330 1326 objiciamus
351 1244 549 1324 propagationi
570 1243 682 1322 religio·
720 1244 788 1315 tiae,
802 1263 854 1303 seu
874 1248 1061 1307 abstinentiae
1081 1250 1118 1306 ab
1139 1269 1194 1308 trsu
1206 1251 1323 1310 alterius

79 1327 125 1388 nis
153 1329 335 1388 christianae.
379 1326 498 1405 Saepius
525 1325 554 1381 in
582 1325 620 1382 N.
648 1324 684 1382 Τ.
721 1343 808 1384 sexus
832 1327 937 1404 legitur
953 1332 966 1386 l
985 1330 1052 1388 Cor.
1066 1329 1135 1413 vlt,
1150 1336 1178 1391 9.
1198 1338 1217 1391 d
1239 1330 1322 1392 >iaie

79 1430 139 1469 nou
154 1411 269 1489 legitur.
311 1407 436 1490 Heeyelr.
457 1408 570 1480 ’νγιοπέν
587 1402 682 1488 irrigo,
721 1408 908 1488 hugonianae
928 1408 952 1466 si
966 1410 1115 1470 continere
1139 1431 1169 1471 se
1184 1431 1241 1470 non
1255 1433 1324 1492 pos-

78 1489 203 1569 ipaeiim.
721 1502 797 1557 suna
812 1489 925 1566 nuptias
946 1489 1062 1549 faciant.
1103 1493 1151 1551 De
1171 1493 1214 1558 iis,
1229 1494 1326 1572 quiin

133 1568 328 1641 'arntiam
351 1569 405 1629 fut.
419 1568 485 1644 idm,
502 1574 528 1628 l.
550 1567 680 1647 proprie:
721 1569 924 1628 certaminibus
939 1571 1061 1648 publicis
1083 1574 1219 1633 certaturi
1233 1576 1323 1634 absti-

79 1654 173 1713 inoido
186 1662 214 1712 et
227 1651 375 1712 incidendo
387 1671 498 1730 reparo,
512 1670 539 1708 v.
549 1668 576 1708 c.
590 1649 683 1722 iyaiae·
721 1668 790 1707 nere
800 1651 976 1727 jubebantur
989 1671 1007 1709 a
1018 1652 1142 1724 Venere,
1156 1656 1221 1712 vino
1235 1667 1266 1714 et
1280 1656 1323 1715 ci·

79 1760 127 1795 rur
141 1732 191 1794 imi
205 1734 329 1793 incidere
342 1732 426 1801 nium,
432 1733 639 1810 socerestrrsoa
652 1728 682 1787 in
720 1730 764 1787 bis
778 1729 1000 1802 delicatioribus,
1015 1734 1141 1794 etvitam
1154 1735 1320 1795 athleticam

78 1817 138 1887 uio,
151 1837 186 1875 ne
200 1814 286 1874 leostir
293 1831 481 1893 praecurrere
513 1812 590 1870 orsit.
721 1829 818 1887 agere,
836 1811 910 1892 (vid.
924 1813 1046 1892 Epictet.
1070 1815 1217 1873 Enchirid.
1231 1836 1257 1875 c.
1272 1821 1321 1878 29.

99 1905 129 1957 2.
145 1896 360 1974 metaphorice:
381 1833 537 1972 interpeV-o,
550 1892 680 1973 impedio,
721 1908 751 1949 et
763 1892 829 1951 dno.
842 1894 933 1972 Lydii
947 1895 1076 1973 Agonist.
1094 1899 1147 1955 SS.
1162 1915 1188 1955 c.
1203 1896 1249 1976 3.)
1277 1917 1323 1957 re·

79 1978 202 2048 detineo,
215 1997 319 2035 moror.
340 1978 409 2034 Act.
424 1973 534 2042 XXIV,
553 1978 582 2033 4.
596 1975 636 2033 iia
647 1977 683 2049 pi
721 1973 831 2049 peritur
847 1979 859 2031 l
878 1975 945 2033 Cor.
968 1976 1022 2047 IX,
1037 1981 1084 2037 25.
1106 1985 1158 2045 τίς
1180 1977 1205 2038 ii
1226 1984 1324 2053 iiqu-

78 2061 122 2119 ἰπὶ
135 2060 219 2118 eadit
233 2084 259 2117 rr
273 2058 388 2131 ipris-re
402 2074 439 2114 ne
453 2066 483 2113 te
496 2054 604 2112 diutius
619 2073 681 2112 ora·
721 2055 846 2130 νιζὸμυος,
868 2057 955 2115 irrina
976 2059 1021 2129 iyz
1036 2059 1150 2119 artimus
1174 2073 1323 2120 caeterum
1431 2107 1434 2111 ,

80 2140 160 2198 tione
186 2158 253 2197 mea
279 2156 384 2199 morer.
428 2136 511 2194 Rom.
539 2135 605 2206 XV,
634 2138 682 2193 22.
719 2135 812 2192 omnis
825 2146 986 2195 certaturus
1040 2138 1128 2198 stinet
1141 2141 1177 2197 ab
1191 2141 1325 2200 omnibus

79 2221 193 2299 saepius
206 2218 361 2298 impeditus
378 2237 451 2275 sum.
486 2215 581 2274 Galat.
603 2215 640 2285 V,
655 2220 683 2277 7.
721 2217 818 2286 rebus,
832 2236 906 2294 quae
927 2218 1022 2276 studio
1044 2239 1097 2278 suo
1111 2240 1216 2280 nocere
1230 2233 1261 2280 et
1274 2221 1324 2280 fir·

79 2307 117 2369 τίς
147 2308 213 2377 ipit
227 2300 340 2373 inierim
363 2299 413 2356 ubi
436 2307 533 2356 tamen
554 2308 584 2354 et
598 2297 683 2354 recti·
721 2296 813 2354 mitati
828 2299 956 2376 corporis
974 2298 1105 2358 inimicae
1119 2320 1182 2359 esse
1197 2314 1325 2380 possent.

79 2401 125 2453 us,
139 2394 173 2441 ut
186 2382 298 2460 opinor,
308 2380 414 2457 legitur
427 2379 457 2435 in
471 2377 619 2436 codicibus
633 2396 683 2456 op·
723 2377 807 2435 conf.
838 2378 967 2457 luterpp.
985 2379 1022 2438 ad
1046 2380 1158 2442 delion.
1179 2385 1211 2441 V.
1226 2384 1269 2443 H.
1284 2384 1324 2455 X,

80 2464 168 2523 timae
201 2475 289 2522 notae
315 2459 430 2534 ὶήκοψι,
457 2478 543 2517 sensu
570 2458 683 2516 eodem.
722 2460 751 2517 2.
775 2458 828 2528 XI,
843 2465 871 2519 3.

81 2544 207 2625 Heryclr.
229 2543 354 2616 anm,
369 2541 513 2600 stetim.
551 2543 564 2598 l
582 2539 682 2597 Thess.
774 2539 982 2611 ’srnrnrrla
1002 2542 1048 2613 ἐκ,
1072 2548 1094 2612 t,
1118 2547 1142 2615 t,
1158 2549 1185 2603 l.
1207 2544 1322 2623 proprie

79 2624 123 2696 11,
161 2630 207 2683 18.
240 2632 285 2684 ud
319 2621 425 2696 inierim
458 2624 523 2686 init
559 2625 683 2684 Σατανᾶς.
721 2630 804 2677 notat
825 2641 898 2690 eum,
923 2623 972 2700 qui
986 2633 1088 2700 potens
1106 2634 1157 2694 ert,
1179 2625 1274 2683 nolens
1294 2635 1324 2684 et

82 2711 97 2764 1
111 2706 192 2764 Petr.
208 2704 263 2773 ΙΠ,
283 2709 311 2765 7.
326 2711 357 2769 sir
370 2711 397 2762 ri
411 2709 445 2779 pi
460 2701 623 2774 ἱγιάττισθαι
636 2703 683 2765 τὶς
721 2696 841 2768 ualidus,
856 2709 883 2758 et
903 2701 934 2758 in
943 2710 1083 2779 potestnte
1103 2723 1154 2760 sun
1171 2704 1253 2762 leniet
1266 2704 1323 2764 uli.

77 2790 226 2869 oegmvxir
241 2790 307 2861 ipris
320 2803 357 2842 ne
380 2802 483 2862 preces
496 2791 608 2839 vestrae
622 2778 685 2837 irri-
721 2780 799 2857 qnid,
814 2780 864 2857 qui
875 2800 983 2859 compos
991 2782 1034 2855 fit
1048 2778 1168 2861 ulicrrjm
1190 2784 1234 2843 rei
1247 2793 1273 2841 et
1287 2805 1322 2843 eu

80 2878 128 2926 tae
143 2865 259 2925 cadant.
303 2864 422 2943 Saepius
443 2881 503 2921 non
526 2860 633 2938 legitur
654 2860 683 2917 in
715 2860 836 2939 potitur.
861 2861 949 2941 (exis
968 2873 998 2920 et
1011 2864 1101 2944 agaim
1116 2863 1211 2936 robur,
1221 2874 1323 2944 poten·

80 2948 119 3006 N.
135 2949 169 3006 T.
213 2946 338 3026 Hesych.
361 2944 526 3011 bmnium·
552 2939 684 3019 irreddi-
720 2941 793 3014 tin.)
830 2940 879 2999 sic
902 2961 929 2999 v.
952 2962 978 3001 c.
1002 2944 1080 3023 apud
1100 2944 1229 3009 medicos
1250 2958 1322 3006 vett.

80 3056 135 3108 pur.
177 3028 301 3086 Phanor.
323 3025 439 3100 isiadus·
461 3020 595 3101 inmiirdsr.
721 3023 841 3103 inpagnris
858 3025 1013 3100 opponitur
1036 3033 1072 3103 τᾷ
1091 3033 1125 3084 rix
1140 3033 1200 3094 asir
1214 3027 1324 3101 debilis,

134 3106 353 3176 ’tranitem
376 3135 417 3175 as,
442 3109 464 3175 i,
486 3100 683 3184 temperantia,
719 3100 871 3173 inualidus,
884 3104 1036 3162 imbecillis.
1057 3108 1101 3165 Co
1134 3108 1252 3168 ,Ponti
1265 3110 1326 3168 Oe.

78 3189 261 3259 obstinantia,
279 3188 462 3254 continentia,
477 3204 551 3263 quae
565 3204 623 3242 non
637 3201 684 3240 so·
721 3203 787 3241 con.
798 3184 968 3262 Hippocrat.
976 3205 1005 3262 p.
1023 3191 1088 3246 109.
1110 3188 1222 3246 Aulion.
1238 3192 1268 3247 V.
1280 3193 1324 3250 H.

80 3272 140 3329 lum
155 3271 184 3327 in
207 3270 236 3327 vi
249 3270 387 3338 cernitur,
402 3267 533 3345 qusquis
546 3285 577 3323 se
592 3266 683 3342 ipsum
722 3264 776 3334 lV,
790 3271 819 3324 5.
840 3267 878 3324 ‘irs
892 3267 1012 3346 inegerit
1026 3269 1115 3337 ἐγίνιτο
1136 3275 1177 3334 τῆς
1190 3275 1324 3338 wirot,

80 3371 99 3410 a
113 3352 201 3410 nimio
214 3351 280 3409 cibo
294 3368 329 3408 ac
342 3360 414 3427 potu
436 3347 576 3417 continet,
590 3345 641 3403 sed
655 3343 685 3401 in
722 3365 809 3424 regno
856 3345 949 3403 oldus.
983 3345 1123 3405 2Macc.
1148 3348 1185 3418 X,
1213 3354 1259 3410 15.
1277 3353 1324 3413 17.

80 3433 200 3492 radonis
227 3432 256 3489 in
279 3430 427 3488 libidinem
449 3425 549 3505 atque
565 3427 593 3483 in
615 3424 685 3483 alios
725 3425 814 3485 Sirac.
829 3367 895 3497 XV,
920 3431 946 3484 l.
966 3427 1085 3509 hupert,
1099 3430 1208 3501 φόως
1228 3439 1273 3492 „a
1287 3433 1324 3490 ..¹-

81 3533 140 3572 non
165 3524 261 3570 rectos
283 3513 406 3588 impetus
433 3507 520 3567 animi
546 3507 628 3564 lirina
655 3517 686 3564 et
721 3533 782 3583 pro.

81 3595 233 3653 moderata
255 3591 460 3660 dominatione,
482 3599 514 3646 ut
528 3588 621 3647 verbis
637 3585 685 3644 Ci·
744 3596 774 3646 2.
800 3598 969 3667 temperans,
992 3589 1143 3663 abstinens,
1169 3594 1324 3667 continens,

82 3675 192 3735 ceronir
215 3685 279 3732 utar
300 3673 336 3731 de
360 3672 473 3729 lavent.
495 3668 535 3738 11,
551 3688 577 3727 c.
592 3673 640 3728 54.
654 3677 684 3726 et
722 3670 772 3748 qni
779 3679 946 3748 potestatem
966 3670 1049 3729 iubet
1062 3673 1206 3752 suiipsius
1219 3684 1245 3732 et
1259 3696 1324 3737 snos

81 3776 189 3836 graece
203 3755 343 3836 coegerim
357 3753 470 3810 dicitur.
494 3750 585 3807 Andr.
606 3748 685 3806 ttto-
722 3752 836 3828 afflans
850 3751 969 3809 rationis
983 3772 1016 3809 no
1039 3750 1184 3832 religionis
1207 3746 1324 3834 imperio

81 3839 145 3897 dius
160 3843 216 3919 aergi
230 3842 313 3895 reris
326 3855 354 3912 p.
373 3838 417 3892 12.
432 3839 459 3891 ri
481 3829 596 3891 iirartar
610 3830 685 3888 nari-
721 3832 856 3909 rubp'icrne
880 3833 965 3890 novit.
1007 3832 1056 3891 Sic
1077 3833 1166 3892 semel
1188 3834 1218 3893 in
1234 3837 1271 3894 N.
1287 3839 1322 3898 T.

82 3946 135 3997 zur
157 3924 194 3996 τῇ
215 3923 331 3993 λογισμᾷ
358 3919 399 3978 riri
421 3915 550 3988 inriupsr'aer
572 3915 684 3993 iperius
721 3912 828 3990 legitur
842 3913 900 3970 Tit.
913 3912 938 3981 l,
954 3917 980 3971 8.

83 4003 124 4061 iri
147 4005 196 4064 ruit
218 4000 321 4068 φαύλας
344 3995 495 4059 berneium
520 3997 567 4052 rir‘r
593 3990 684 4056 iirrit’r.
776 3990 951 4063 '2111‘le
969 3992 1023 4051 fut.
1038 3999 1067 4065 ἶ,
1080 3995 1207 4078 catalogo
1221 4019 1255 4058 ac
1269 4022 1323 4061 nu·

85 4083 154 4140 Act.
178 4077 289 4149 XXlV,
304 4081 351 4137 25.
374 4075 421 4133 ubi
445 4072 573 4152 inprimis
593 4072 684 4133 mode,-
721 4093 797 4132 mero
809 4075 913 4144 insero,
927 4095 1055 4133 accensio
1068 4074 1144 4148 aliis,
1157 4099 1322 4150 annumero,

83 4162 231 4230 rationem,
256 4158 415 4238 quorcirca
447 4157 576 4232 Venerem
591 4174 684 4212 versu·
721 4156 824 4213 socium
837 4175 880 4212 me
892 4155 976 4214 oddo.
992 4156 1046 4236 (ex
1061 4158 1081 4215 ir
1095 4169 1125 4215 et
1133 4161 1203 4240 agria
1206 4162 1320 4237 judico,

84 4252 141 4311 tur,
156 4261 207 4300 seu
222 4241 377 4299 castitatem
399 4235 551 4314 significat,
565 4254 622 4314 qua
634 4242 688 4293 voi
721 4235 869 4309 decerno.)
913 4235 1077 4314 Opponitur
1094 4242 1133 4314 τᾷ
1153 4241 1260 4321 irrignus
1280 4270 1322 4303 et-

84 4343 120 4383 οε
143 4323 231 4382 etiam
252 4318 389 4399 Vulgutun
413 4337 480 4375 usus
493 4328 547 4374 est.
588 4316 683 4375 Galat.
721 4322 760 4389 ri,
784 4317 812 4374 h.
836 4336 863 4375 e.
881 4314 1027 4375 excludere
1048 4315 1168 4396 aliquem
1190 4330 1268 4379 coetu
1287 4345 1322 4385 uo

85 4404 123 4475 V,
138 4410 187 4465 23.
222 4403 333 4460 nPetr.
355 4400 380 4472 1,
395 4404 422 4458 6.
447 4396 525 4457 Suid.
541 4400 683 4480 iyagdrrm·
719 4403 875 4478 rey'nngere.
917 4397 1043 4477 Xenopit.
1064 4397 1170 4478 cyrop.
1190 4399 1321 4470 Ι,2.14.,

85 4487 356 4558 ὖτόνωιὸυὰποχιί.
379 4481 454 4539 Sext.
468 4479 579 4559 Empir.
592 4478 683 4558 Phys.
722 4479 807 4539 Conf.
829 4478 944 4537 Buduei
954 4479 1320 4562 CommentariiLing.Gr.

84 4568 192 4640 I,158.
233 4565 277 4622 lb.
302 4567 367 4623 156.
388 4561 456 4618 huic
477 4560 576 4619 virtuti
593 4579 631 4638 op
652 4580 683 4618 o·
720 4582 748 4640 p.
777 4565 846 4621 966.
886 4559 921 4616 ln
949 4559 986 4616 N.
1015 4559 1049 4617 T.
1084 4562 1173 4620 semel
1213 4565 1322 4644 legitur

86 4650 162 4708 nitur
176 4649 298 4729 degerim
340 4642 414 4701 Vide
438 4643 469 4701 J.
484 4641 526 4700 D.
545 4579 682 4699 Wintliri
720 4643 822 4701 2001.
836 4640 874 4709 X,
892 4642 938 4698 12.
953 4644 1044 4723 αὐγὰς
1057 4647 1186 4719 τολμὸμιι
1211 4646 1320 4731 iyagtm

89 4730 192 4789 Cotum.
221 4728 257 4785 de
274 4724 398 4806 genuina
426 4731 477 4788 sir
499 4723 681 4806 integerrime
720 4723 1061 4803 iirvprgirrtriaurrirtrrri
1082 4728 1320 4792 visitaverim..

86 4808 289 4893 eigmfieotione
309 4805 348 4869 ad
369 4808 389 4866 2
412 4804 492 4866 Patr.
514 4805 539 4876 1,
564 4809 592 4866 6.
606 4820 681 4886 quae
718 4805 870 4874 rrrarinur,
893 4800 923 4859 b.
937 4821 964 4860 e.
976 4820 1160 4885 nonpossum
1173 4824 1252 4865 ame
1265 4808 1319 4866 im.

879 4881 952 4946 112
1034 4911 1037 4918 ·
1195 4898 1321 4968 patrare,

909 5083 922 5129 l
